@report{ercotfail,
    author = {POWER Committee},
    title = {The Timeline and Events of the February 2021 Texas Electric Grid Blackouts},
    url = {https://energy.utexas.edu/research/ercot-blackout-2021},
    year = {2021},
    month = {July},
    organization = {The University of Texas at Austin Energy Institute}
}

@article{grid_sensitivity,
    author = {Yang Yang  and Takashi Nishikawa  and Adilson E. Motter },
    title = {Small vulnerable sets determine large network cascades in power grids},
    journal = {Science},
    volume = {358},
    number = {6365},
    pages = {eaan3184},
    year = {2017},
    doi = {10.1126/science.aan3184},
    URL = {https://www.science.org/doi/abs/10.1126/science.aan3184},
    eprint = {https://www.science.org/doi/pdf/10.1126/science.aan3184}
}

@ARTICLE{8733097,
    author={Radovanovic, Ana and Nesti, Tommaso and Chen, Bokan},
    journal={IEEE Transactions on Power Systems},
    title={A Holistic Approach to Forecasting Wholesale Energy Market Prices},
    year={2019},
    volume={34},
    number={6},
    pages={4317-4328},
    doi={10.1109/TPWRS.2019.2921611}
}

@ARTICLE{5741753,
    author={Zhou, Qun and Tesfatsion, Leigh and Liu, Chen-Ching},
    journal={IEEE Transactions on Power Systems},
    title={Short-Term Congestion Forecasting in Wholesale Power Markets},
    year={2011},
    volume={26},
    number={4},
    pages={2185-2196},
    doi={10.1109/TPWRS.2011.2123118}
}

@ARTICLE{7478156,
    author={Geng, Xinbo and Xie, Le},
    journal={IEEE Transactions on Power Systems},
    title={Learning the LMP-Load Coupling From Data: A Support Vector Machine Based Approach},
    year={2017},
    volume={32},
    number={2},
    pages={1127-1138},
    doi={10.1109/TPWRS.2016.2572138}
}

@ARTICLE{7226869,
    author={Kekatos, Vassilis and Giannakis, Georgios B. and Baldick, Ross},
    journal={IEEE Transactions on Smart Grid},
    title={Online Energy Price Matrix Factorization for Power Grid Topology Tracking},
    year={2016},
    volume={7},
    number={3},
    pages={1239-1248},
    doi={10.1109/TSG.2015.2469098}
}

@ARTICLE{9520248,
    author={Zhang, Zhongxia and Wu, Meng},
    journal={IEEE Transactions on Power Systems},
    title={Predicting Real-Time Locational Marginal Prices: A GAN-Based Approach},
    year={2022},
    volume={37},
    number={2},
    pages={1286-1296},
    doi={10.1109/TPWRS.2021.3106263}
}

@INPROCEEDINGS{9916722,
    author={Zhang, Zhongxia and Wu, Meng},
    booktitle={2022 IEEE Power & Energy Society General Meeting (PESGM)},
    title={Energy Price Prediction Considering Generation Bids Variation: A Two-Stage Convolutional Long Short-Term Memory Approach},
    year={2022},
    volume={},
    number={},
    pages={1-5},
    doi={10.1109/PESGM48719.2022.9916722}
}

@ARTICLE{7744689,
    author={Wang, Long and Zhang, Zijun and Chen, Jieqiu},
    journal={IEEE Transactions on Power Systems},
    title={Short-Term Electricity Price Forecasting With Stacked Denoising Autoencoders},
    year={2017},
    volume={32},
    number={4},
    pages={2673-2681},
    doi={10.1109/TPWRS.2016.2628873}
}

@misc{48550,
    doi = {10.48550/ARXIV.2205.13826},
    url = {https://arxiv.org/abs/2205.13826},
    author = {Cramer, Eike and Witthaut, Dirk and Mitsos, Alexander and Dahmen, Manuel},
    keywords = {Machine Learning (cs.LG), FOS: Computer and information sciences, FOS: Computer and information sciences},
    title = {Multivariate Probabilistic Forecasting of Intraday Electricity Prices using Normalizing Flows},
    publisher = {arXiv},
    year = {2022},
    copyright = {Creative Commons Attribution 4.0 International}
}

@article{DUMAS2022117871,
    title = {A deep generative model for probabilistic energy forecasting in power systems: normalizing flows},
    journal = {Applied Energy},
    volume = {305},
    pages = {117871},
    year = {2022},
    issn = {0306-2619},
    doi = {https://doi.org/10.1016/j.apenergy.2021.117871},
    url = {https://www.sciencedirect.com/science/article/pii/S0306261921011909},
    author = {Jonathan Dumas and Antoine Wehenkel and Damien Lanaspeze and Bertrand Cornélusse and Antonio Sutera},
    keywords = {Deep learning, Normalizing flows, Energy forecasting, Time series, Generative adversarial networks, Variational autoencoders},
}

@article{00000,
    author = {Andrade, José and Filipe, Jorge and Reis, Marisa and Bessa, Ricardo},
    year = {2017},
    month = {10},
    pages = {1990},
    title = {Probabilistic Price Forecasting for Day-Ahead and Intraday Markets: Beyond the Statistical Model},
    volume = {9},
    journal = {Sustainability},
    doi = {10.3390/su9111990}
}

@article{kl_div,
    author = {S. Kullback and R. A. Leibler},
    title = {{On Information and Sufficiency}},
    volume = {22},
    journal = {The Annals of Mathematical Statistics},
    number = {1},
    publisher = {Institute of Mathematical Statistics},
    pages = {79 -- 86},
    year = {1951},
    doi = {10.1214/aoms/1177729694},
    URL = {https://doi.org/10.1214/aoms/1177729694}
}

@article{Kobyzev_2021,
    doi = {10.1109/tpami.2020.2992934},
    url = {https://doi.org/10.1109%2Ftpami.2020.2992934},
    year = 2021,
    month = {nov},
    publisher = {Institute of Electrical and Electronics Engineers ({IEEE})},
    volume = {43},
    number = {11},
    pages = {3964--3979},
    author = {Ivan Kobyzev and Simon J.D. Prince and Marcus A. Brubaker},
    title = {Normalizing Flows: An Introduction and Review of Current Methods},
    journal = {{IEEE} Transactions on Pattern Analysis and Machine Intelligence}
}

@misc{real_nvp,
    doi = {10.48550/ARXIV.1605.08803},
    url = {https://arxiv.org/abs/1605.08803},
    author = {Dinh, Laurent and Sohl-Dickstein, Jascha and Bengio, Samy},
    keywords = {Machine Learning (cs.LG), Artificial Intelligence (cs.AI), Neural and Evolutionary Computing (cs.NE), Machine Learning (stat.ML), FOS: Computer and information sciences, FOS: Computer and information sciences},
    title = {Density estimation using Real NVP},
    publisher = {arXiv},
    year = {2016},
    copyright = {arXiv.org perpetual, non-exclusive license}
}

@misc{cinn,
    doi = {10.48550/ARXIV.2105.02104},
    url = {https://arxiv.org/abs/2105.02104},
    author = {Ardizzone, Lynton and Kruse, Jakob and Lüth, Carsten and Bracher, Niels and Rother, Carsten and Köthe, Ullrich},
    keywords = {Computer Vision and Pattern Recognition (cs.CV), Artificial Intelligence (cs.AI), FOS: Computer and information sciences, FOS: Computer and information sciences, 68T01},
    title = {Conditional Invertible Neural Networks for Diverse Image-to-Image Translation},
    publisher = {arXiv},
    year = {2021},
    copyright = {arXiv.org perpetual, non-exclusive license}
}

@misc{gan_goodfellow,
    doi = {10.48550/ARXIV.1406.2661},
    url = {https://arxiv.org/abs/1406.2661},
    author = {Goodfellow, Ian J. and Pouget-Abadie, Jean and Mirza, Mehdi and Xu, Bing and Warde-Farley, David and Ozair, Sherjil and Courville, Aaron and Bengio, Yoshua},
    keywords = {Machine Learning (stat.ML), Machine Learning (cs.LG), FOS: Computer and information sciences, FOS: Computer and information sciences},
    title = {Generative Adversarial Networks},
    publisher = {arXiv},
    year = {2014},
    copyright = {arXiv.org perpetual, non-exclusive license}
}

@misc{flow_gan,
    doi = {10.48550/ARXIV.1705.08868},
    url = {https://arxiv.org/abs/1705.08868},
    author = {Grover, Aditya and Dhar, Manik and Ermon, Stefano},
    keywords = {Machine Learning (cs.LG), Artificial Intelligence (cs.AI), Neural and Evolutionary Computing (cs.NE), Machine Learning (stat.ML), FOS: Computer and information sciences, FOS: Computer and information sciences},
    title = {Flow-GAN: Combining Maximum Likelihood and Adversarial Learning in Generative Models},
    publisher = {arXiv},
    year = {2017},
    copyright = {arXiv.org perpetual, non-exclusive license}
}

@misc{adam_optim,
    doi = {10.48550/ARXIV.1412.6980},
    url = {https://arxiv.org/abs/1412.6980},
    author = {Kingma, Diederik P. and Ba, Jimmy},
    keywords = {Machine Learning (cs.LG), FOS: Computer and information sciences, FOS: Computer and information sciences},
    title = {Adam: A Method for Stochastic Optimization},
    publisher = {arXiv},
    year = {2014},
    copyright = {arXiv.org perpetual, non-exclusive license}
}

@ARTICLE{7997921,
    author={Uniejewski, Bartosz and Weron, Rafał and Ziel, Florian},
    journal={IEEE Transactions on Power Systems},
    title={Variance Stabilizing Transformations for Electricity Spot Price Forecasting},
    year={2018},
    volume={33},
    number={2},
    pages={2219-2229},
    doi={10.1109/TPWRS.2017.2734563}
}

@article{crps_rules,
    author = {Tilmann Gneiting and Adrian E Raftery},
    title = {Strictly Proper Scoring Rules, Prediction, and Estimation},
    journal = {Journal of the American Statistical Association},
    volume = {102},
    number = {477},
    pages = {359-378},
    year  = {2007},
    publisher = {Taylor & Francis},
    doi = {10.1198/016214506000001437},
    URL = {https://doi.org/10.1198/016214506000001437},
    eprint = {https://doi.org/10.1198/016214506000001437}
}

@Article{crps_unbiased,
    author={Zamo, Micha{\"e}l and Naveau, Philippe},
    title={Estimation of the Continuous Ranked Probability Score with Limited Information and Applications to Ensemble Weather Forecasts},
    journal={Mathematical Geosciences},
    year={2018},
    month={Feb},
    day={01},
    volume={50},
    number={2},
    pages={209-234},
    issn={1874-8953},
    doi={10.1007/s11004-017-9709-7},
    url={https://doi.org/10.1007/s11004-017-9709-7}
}

@article{epftoolbox,
    title = {Forecasting day-ahead electricity prices: A review of state-of-the-art algorithms, best practices and an open-access benchmark},
    journal = {Applied Energy},
    volume = {293},
    pages = {116983},
    year = {2021},
    doi = {https://doi.org/10.1016/j.apenergy.2021.116983},
    author = {Jesus Lago and Grzegorz Marcjasz and Bart {De Schutter} and Rafał Weron}
}

@book{opf_textbook,
    author = {Jizhong Zhu},
    title = {Optimization of Power System Operation},
    date = {2009},
    url = {https://ieeexplore-ieee-org.colorado.idm.oclc.org/book/5361032},
    publisher = {Wiley-IEEE Press},
    isbn = {9780470466964},
}

@misc{spectral_reg,
    doi = {10.48550/ARXIV.1705.10941},
    url = {https://arxiv.org/abs/1705.10941},
    author = {Yoshida, Yuichi and Miyato, Takeru},
    keywords = {Machine Learning (stat.ML), Machine Learning (cs.LG), FOS: Computer and information sciences, FOS: Computer and information sciences},
    title = {Spectral Norm Regularization for Improving the Generalizability of Deep Learning},
    publisher = {arXiv},
    year = {2017},
    copyright = {arXiv.org perpetual, non-exclusive license}
}

@misc{sngan,
    doi = {10.48550/ARXIV.1802.05957},
    url = {https://arxiv.org/abs/1802.05957},
    author = {Miyato, Takeru and Kataoka, Toshiki and Koyama, Masanori and Yoshida, Yuichi},
    keywords = {Machine Learning (cs.LG), Computer Vision and Pattern Recognition (cs.CV), Machine Learning (stat.ML), FOS: Computer and information sciences, FOS: Computer and information sciences},
    title = {Spectral Normalization for Generative Adversarial Networks},
    publisher = {arXiv},
    year = {2018},
    copyright = {arXiv.org perpetual, non-exclusive license}
}

@article{xavier_init,
    author = {Glorot, Xavier and Bengio, Y.},
    year = {2010},
    month = {01},
    pages = {249-256},
    title = {Understanding the difficulty of training deep feedforward neural networks},
    volume = {9},
    journal = {Journal of Machine Learning Research - Proceedings Track}
}

@Article{en9080621,
    AUTHOR = {Uniejewski, Bartosz and Nowotarski, Jakub and Weron, Rafał},
    TITLE = {Automated Variable Selection and Shrinkage for Day-Ahead Electricity Price Forecasting},
    JOURNAL = {Energies},
    VOLUME = {9},
    YEAR = {2016},
    NUMBER = {8},
    ARTICLE-NUMBER = {621},
    URL = {https://www.mdpi.com/1996-1073/9/8/621},
    ISSN = {1996-1073},
    DOI = {10.3390/en9080621}
}

@article{UNIEJEWSKI2021105121,
    title = {Regularized quantile regression averaging for probabilistic electricity price forecasting},
    journal = {Energy Economics},
    volume = {95},
    pages = {105121},
    year = {2021},
    issn = {0140-9883},
    doi = {https://doi.org/10.1016/j.eneco.2021.105121},
    url = {https://www.sciencedirect.com/science/article/pii/S0140988321000268},
    author = {Bartosz Uniejewski and Rafał Weron},
    keywords = {Electricity price forecasting, Probabilistic forecasting, Risk management, Quantile Regression Averaging (QRA), LASSO, Bayesian Information Criterion (BIC), Cross-validation, Kupiec test, Pinball score, Conditional predictive accuracy, Trading strategy, Financial profits},
}

@article{MUNIAIN20201193,
    title = {Probabilistic forecasting in day-ahead electricity markets: Simulating peak and off-peak prices},
    journal = {International Journal of Forecasting},
    volume = {36},
    number = {4},
    pages = {1193-1210},
    year = {2020},
    issn = {0169-2070},
    doi = {https://doi.org/10.1016/j.ijforecast.2019.11.006},
    url = {https://www.sciencedirect.com/science/article/pii/S0169207019302675},
    author = {Peru Muniain and Florian Ziel},
    keywords = {Ensemble forecasting, Energy score, Electricity price forecasting, Dependency structure, Elastic net estimation, Forecasting evaluation, GARCH, Jump diffusion process, Pinball score, Bivariate Bernoulli},
}

@article{LAGO2018386,
    title = {Forecasting spot electricity prices: Deep learning approaches and empirical comparison of traditional algorithms},
    journal = {Applied Energy},
    volume = {221},
    pages = {386-405},
    year = {2018},
    issn = {0306-2619},
    doi = {https://doi.org/10.1016/j.apenergy.2018.02.069},
    url = {https://www.sciencedirect.com/science/article/pii/S030626191830196X},
    author = {Jesus Lago and Fjo {De Ridder} and Bart {De Schutter}},
    keywords = {Electricity price forecasting, Deep learning, Benchmark study},
}